<?xml version="1.0" encoding="UTF-8"?><collection xmlns="http://www.loc.gov/MARC21/slim"><record><leader>00355nam--2200121-i-4500</leader><controlfield tag="001">000022177</controlfield><controlfield tag="002">20161230</controlfield><controlfield tag="005">20161230201034</controlfield><controlfield tag="008">060222s1000------------r-----000-0-eng-d</controlfield><datafield ind1=" " ind2=" " tag="100"><subfield code="a">Howell, J.M., Wyant, Linsley</subfield></datafield><datafield ind1=" " ind2=" " tag="245"><subfield code="a">Intercom programming for the bendix g-15 computer</subfield></datafield><datafield ind1=" " ind2=" " tag="260"><subfield code="a">Dubusque, Iowa, W.C.Brown Co.Publishers, 1961. Vi + 109p</subfield></datafield><datafield ind1=" " ind2=" " tag="852"><subfield code="a">18663</subfield></datafield></record></collection>